@Manual{,  title = {rslurm: Submit R Calculations to a 'Slurm' Cluster},  author = {Philippe Marchand and Ian Carroll and Mike Smorul and Rachael Blake and Quentin Read},  year = {2023},  note = {R package version 0.6.2},  url = {https://CRAN.R-project.org/package=rslurm},}@Manual{,  title = {bkmr: Bayesian Kernel Machine Regression},  author = {Jennifer F. Bobb},  year = {2022},  note = {R package version 0.2.2},  url = {https://CRAN.R-project.org/package=bkmr},}@Manual{,  title = {NLinteraction: Bayesian variable selection in multivariate semi-parametricregression models},  author = {Joseph Antonelli},  year = {2018},  note = {R package version 0.0.0.9000},  url = {https://github.com/jantonelli111/NLinteraction},}@Manual{,  title = {copula: Multivariate Dependence with Copulas},  author = {Marius Hofert and Ivan Kojadinovic and Martin Maechler and Jun Yan},  year = {2023},  note = {R package version 1.1-3},  url = {https://CRAN.R-project.org/package=copula},}